%% This BibTeX bibliography file was created using BibDesk.
%% http://bibdesk.sourceforge.net/


%% Created for Molly Lewis at 2016-01-26 19:40:43 -0800 


%% Saved with string encoding Unicode (UTF-8) 



@article{open2015estimating,
	Author = {{Open Science Collaboration}},
	Date-Added = {2016-01-27 03:25:49 +0000},
	Date-Modified = {2016-01-27 03:40:13 +0000},
	Journal = {Science},
	Number = {6251},
	Pages = {aac4716},
	Publisher = {American Association for the Advancement of Science},
	Title = {Estimating the reproducibility of psychological science},
	Volume = {349},
	Year = {2015}}

@article{open2013reproducibility,
	Author = {{Open Science Collaboration}},
	Date-Added = {2016-01-27 03:25:48 +0000},
	Date-Modified = {2016-01-27 03:40:03 +0000},
	Journal = {Implementing reproducible computational research. New York, NY: Taylor \& Francis},
	Title = {The Reproducibility Project: A model of large-scale collaboration for empirical research on reproducibility},
	Volume = {2},
	Year = {2013}}

@article{ioannidis2005most,
	Author = {Ioannidis, John PA},
	Date-Added = {2016-01-27 03:24:44 +0000},
	Date-Modified = {2016-01-27 03:24:44 +0000},
	Journal = {Chance},
	Number = {4},
	Pages = {40--47},
	Publisher = {Taylor \& Francis},
	Title = {Why most published research findings are false},
	Volume = {18},
	Year = {2005}}

@article{tsuji2014perceptual,
	Author = {Tsuji, Sho and Cristia, Alejandrina},
	Date-Added = {2016-01-27 03:22:58 +0000},
	Date-Modified = {2016-01-27 03:40:33 +0000},
	Journal = {Developmental Psychobiology},
	Number = {2},
	Pages = {179--191},
	Publisher = {Wiley Online Library},
	Title = {Perceptual attunement in vowels: A meta-analysis},
	Volume = {56},
	Year = {2014}}

@article{bergmann2015development,
	Author = {Bergmann, Christina and Cristia, Alejandrina},
	Date-Added = {2016-01-27 03:22:10 +0000},
	Date-Modified = {2016-01-27 03:39:40 +0000},
	Journal = {Developmental Science},
	Publisher = {Wiley Online Library},
	Title = {Development of infants' segmentation of words from native speech: a meta-analytic approach},
	Year = {2015}}

@conference{bergmann2015,
	Author = {Bergmann, Christina,  and Tsuji, Sho and Lewis, Molly and Braginsky, Mika and Piccinini, Page  and Cristia, Alejandrina and Frank, Michael C.},
	Date-Added = {2016-01-27 00:53:14 +0000},
	Date-Modified = {2016-01-27 03:39:33 +0000},
	Organization = {Poster presented at the 6th Annual Budapest CEU Conference on Cognitive Development. },
	Title = {MetaLab: Power Analysis and Experimental Design in Developmental Research Made Easy},
	Year = {2015},
	Bdsk-Url-1 = {https://dx.doi.org/10.6084/m9.figshare.2064348.v1}}

@inproceedings{lewis2015,
	Author = {Lewis, M and Mika Braginsky and Christina Bergmann and Sho Tsuji  and Alejandrina Cristia and Michael C. Frank},
	Booktitle = {{40th annual meeting of the Boston University Child Language Development}},
	Date-Added = {2016-01-27 00:49:02 +0000},
	Date-Modified = {2016-01-27 03:40:43 +0000},
	Title = {MetaLab: tool for power analysis and experimental planning in developmental research},
	Year = {2015}}

@article{tsuji2014community,
	Author = {Tsuji, Sho and Bergmann, Christina and Cristia, Alejandrina},
	Date-Added = {2016-01-27 00:48:23 +0000},
	Date-Modified = {2016-01-27 00:48:23 +0000},
	Journal = {Perspectives on Psychological Science},
	Number = {6},
	Pages = {661--665},
	Publisher = {SAGE Publications},
	Title = {Community-Augmented Meta-Analyses Toward Cumulative Data Assessment},
	Volume = {9},
	Year = {2014}}

@inproceedings{ChalnickBillman1988a,
	Address = {Hillsdale, NJ},
	Author = {A. Chalnick and D. Billman},
	Booktitle = {Proceedings of the Tenth Annual Conference of the Cognitive Science Society},
	Pages = {510--516},
	Publisher = {Lawrence Erlbaum Associates},
	Title = {Unsupervised learning of correlational structure},
	Year = 1988}

@incollection{Feigenbaum1963a,
	Address = {New York},
	Author = {E. A. Feigenbaum},
	Booktitle = {Computers and thought},
	Editor = {E. A. Feigenbaum and J. Feldman},
	Publisher = {McGraw-Hill},
	Title = {The simulation of verbal learning behavior},
	Year = 1963}

@article{Hill1983a,
	Author = {J. A. C. Hill},
	Journal = {Cognition and Brain Theory},
	Pages = {287--317},
	Title = {A computational model of language acquisition in the two-year old},
	Volume = 6,
	Year = 1983}

@techreport{OhlssonLangley1985a,
	Address = {Pittsburgh, PA},
	Author = {S. Ohlsson and P. Langley},
	Institution = {Carnegie Mellon University, The Robotics Institute},
	Number = {CMU-RI-TR-85-2},
	Title = {Identifying solution paths in cognitive diagnosis},
	Year = 1985}

@phdthesis{Matlock2001,
	Author = {Teenie Matlock},
	School = {Psychology Department, University of California, Santa Cruz},
	Title = {How real is fictive motion?},
	Type = {Doctoral dissertation},
	Year = 2001}

@phdthesis{Lewis1978a,
	Author = {C. Lewis},
	School = {Department of Psychology, University of Michigan, Ann Arbor},
	Title = {Production system models of practice effects},
	Type = {Doctoral dissertation},
	Year = 1978}

@book{NewellSimon1972a,
	Address = {Englewood Cliffs, NJ},
	Author = {A. Newell and H. A. Simon},
	Publisher = {Prentice-Hall},
	Title = {Human problem solving},
	Year = 1972}

@book{ShragerLangley1990a,
	Address = {San Mateo, CA},
	Editor = {J. Shrager and P. Langley},
	Publisher = {Morgan Kaufmann},
	Title = {Computational models of scientific discovery and theory formation},
	Year = 1990}
